<record><leader>00000cas a22000007a 4500</leader><controlfield tag="001">22144065</controlfield><controlfield tag="008">900725d193519uumaudn ne      0    0eng d</controlfield><controlfield tag="009">9107</controlfield><datafield ind1=" " ind2=" " tag="010"><subfield code="a">sn 89062409 </subfield></datafield><datafield ind1=" " ind2=" " tag="040"><subfield code="a">MGN</subfield><subfield code="b">eng</subfield><subfield code="c">MGN</subfield><subfield code="d">OCLCQ</subfield></datafield><datafield ind1="1" ind2=" " tag="029"><subfield code="a">AU@</subfield><subfield code="b">000020632981</subfield></datafield><datafield ind1=" " ind2=" " tag="042"><subfield code="a">msc</subfield></datafield><datafield ind1="0" ind2=" " tag="130"><subfield code="a">Milford daily news (Milford, Mass. : 1935)</subfield></datafield><datafield ind1="0" ind2="0" tag="245"><subfield code="a">Milford daily news.</subfield></datafield><datafield ind1=" " ind2=" " tag="260"><subfield code="a">Milford, Mass. :</subfield><subfield code="b">[s.n.],</subfield></datafield><datafield ind1=" " ind2=" " tag="300"><subfield code="a">v.</subfield></datafield><datafield ind1=" " ind2=" " tag="310"><subfield code="a">Daily (except Sun.)</subfield></datafield><datafield ind1="0" ind2=" " tag="362"><subfield code="a">Vol. 96, no. 14,650 (Aug. 12, 1935)-</subfield></datafield><datafield ind1=" " ind2=" " tag="515"><subfield code="a">Vol. 96, no. 14,650 issued as Aug. 10, 1935 but constitutes Aug. 12, 1935.</subfield></datafield><datafield ind1=" " ind2=" " tag="752"><subfield code="a">United States</subfield><subfield code="b">Massachusetts</subfield><subfield code="c">Worcester</subfield><subfield code="d">Milford.</subfield></datafield><datafield ind1="0" ind2="0" tag="780"><subfield code="t">Milford daily news and Milford daily journal</subfield><subfield code="w">(DLC)sn 89062408</subfield></datafield></record>